@article{cobbe,
  author       = {Karl Cobbe and
                  Vineet Kosaraju and
                  Mohammad Bavarian and
                  Mark Chen and
                  Heewoo Jun and
                  Lukasz Kaiser and
                  Matthias Plappert and
                  Jerry Tworek and
                  Jacob Hilton and
                  Reiichiro Nakano and
                  Christopher Hesse and
                  John Schulman},
  title        = {Training Verifiers to Solve Math Word Problems},
  journal      = {CoRR},
  volume       = {abs/2110.14168},
  year         = {2021},
  url          = {https://arxiv.org/abs/2110.14168},
  eprinttype    = {arXiv},
  eprint       = {2110.14168},
  timestamp    = {Mon, 12 Jun 2023 08:23:44 +0200},
  biburl       = {https://dblp.org/rec/journals/corr/abs-2110-14168.bib},
  bibsource    = {dblp computer science bibliography, https://dblp.org}
}
@misc{gunasekar,
      title={Textbooks Are All You Need}, 
      author={Suriya Gunasekar and Yi Zhang and Jyoti Aneja and Caio César Teodoro Mendes and Allie Del Giorno and Sivakanth Gopi and Mojan Javaheripi and Piero Kauffmann and Gustavo de Rosa and Olli Saarikivi and Adil Salim and Shital Shah and Harkirat Singh Behl and Xin Wang and Sébastien Bubeck and Ronen Eldan and Adam Tauman Kalai and Yin Tat Lee and Yuanzhi Li},
      year={2023},
      eprint={2306.11644},
      archivePrefix={arXiv},
      primaryClass={cs.CL},
      url={https://arxiv.org/abs/2306.11644}, 
}
@misc{hu,
      title={LoRA: Low-Rank Adaptation of Large Language Models}, 
      author={Edward J. Hu and Yelong Shen and Phillip Wallis and Zeyuan Allen-Zhu and Yuanzhi Li and Shean Wang and Lu Wang and Weizhu Chen},
      year={2021},
      eprint={2106.09685},
      archivePrefix={arXiv},
      primaryClass={cs.CL},
      url={https://arxiv.org/abs/2106.09685}, 
}
@misc{lightman,
      title={Let's Verify Step by Step}, 
      author={Hunter Lightman and Vineet Kosaraju and Yura Burda and Harri Edwards and Bowen Baker and Teddy Lee and Jan Leike and John Schulman and Ilya Sutskever and Karl Cobbe},
      year={2023},
      eprint={2305.20050},
      archivePrefix={arXiv},
      primaryClass={cs.LG},
      url={https://arxiv.org/abs/2305.20050}, 
}
@misc{liu,
      title={TinyGSM: achieving >80% on GSM8k with small language models}, 
      author={Bingbin Liu and Sebastien Bubeck and Ronen Eldan and Janardhan Kulkarni and Yuanzhi Li and Anh Nguyen and Rachel Ward and Yi Zhang},
      year={2023},
      eprint={2312.09241},
      archivePrefix={arXiv},
      primaryClass={cs.LG},
      url={https://arxiv.org/abs/2312.09241}, 
}
@misc{shao,
      title={DeepSeekMath: Pushing the Limits of Mathematical Reasoning in Open Language Models}, 
      author={Zhihong Shao and Peiyi Wang and Qihao Zhu and Runxin Xu and Junxiao Song and Xiao Bi and Haowei Zhang and Mingchuan Zhang and Y. K. Li and Y. Wu and Daya Guo},
      year={2024},
      eprint={2402.03300},
      archivePrefix={arXiv},
      primaryClass={cs.CL},
      url={https://arxiv.org/abs/2402.03300}, 
}
@misc{sun,
      title={Easy-to-Hard Generalization: Scalable Alignment Beyond Human Supervision}, 
      author={Zhiqing Sun and Longhui Yu and Yikang Shen and Weiyang Liu and Yiming Yang and Sean Welleck and Chuang Gan},
      year={2024},
      eprint={2403.09472},
      archivePrefix={arXiv},
      primaryClass={cs.LG},
      url={https://arxiv.org/abs/2403.09472}, 
}
@article{wei,
  author       = {Jason Wei and
                  Xuezhi Wang and
                  Dale Schuurmans and
                  Maarten Bosma and
                  Ed H. Chi and
                  Quoc Le and
                  Denny Zhou},
  title        = {Chain of Thought Prompting Elicits Reasoning in Large Language Models},
  journal      = {CoRR},
  volume       = {abs/2201.11903},
  year         = {2022},
  url          = {https://arxiv.org/abs/2201.11903},
  eprinttype    = {arXiv},
  eprint       = {2201.11903},
  timestamp    = {Fri, 22 Apr 2022 16:06:31 +0200},
  biburl       = {https://dblp.org/rec/journals/corr/abs-2201-11903.bib},
  bibsource    = {dblp computer science bibliography, https://dblp.org}
}
@article{hendrycks,
  author       = {Dan Hendrycks and
                  Collin Burns and
                  Saurav Kadavath and
                  Akul Arora and
                  Steven Basart and
                  Eric Tang and
                  Dawn Song and
                  Jacob Steinhardt},
  title        = {Measuring Mathematical Problem Solving With the {MATH} Dataset},
  journal      = {CoRR},
  volume       = {abs/2103.03874},
  year         = {2021},
  url          = {https://arxiv.org/abs/2103.03874},
  eprinttype    = {arXiv},
  eprint       = {2103.03874},
  timestamp    = {Mon, 15 Mar 2021 17:30:55 +0100},
  biburl       = {https://dblp.org/rec/journals/corr/abs-2103-03874.bib},
  bibsource    = {dblp computer science bibliography, https://dblp.org}
}
@misc{wang2024,
      title={Chain-of-Thought Reasoning Without Prompting}, 
      author={Xuezhi Wang and Denny Zhou},
      year={2024},
      eprint={2402.10200},
      archivePrefix={arXiv},
      primaryClass={cs.CL},
      url={https://arxiv.org/abs/2402.10200}, 
}
@misc{OVM,
      title={OVM, Outcome-supervised Value Models for Planning in Mathematical Reasoning}, 
      author={Fei Yu and Anningzhe Gao and Benyou Wang},
      year={2024},
      eprint={2311.09724},
      archivePrefix={arXiv},
      primaryClass={cs.AI},
      url={https://arxiv.org/abs/2311.09724}, 
}
@misc{omi2,
      title={OpenMathInstruct-2: Accelerating AI for Math with Massive Open-Source Instruction Data}, 
      author={Shubham Toshniwal and Wei Du and Ivan Moshkov and Branislav Kisacanin and Alexan Ayrapetyan and Igor Gitman},
      year={2024},
      eprint={2410.01560},
      archivePrefix={arXiv},
      primaryClass={cs.CL},
      url={https://arxiv.org/abs/2410.01560}, 
}