@article{cobbe,
  author       = {Karl Cobbe and
                  Vineet Kosaraju and
                  Mohammad Bavarian and
                  Mark Chen and
                  Heewoo Jun and
                  Lukasz Kaiser and
                  Matthias Plappert and
                  Jerry Tworek and
                  Jacob Hilton and
                  Reiichiro Nakano and
                  Christopher Hesse and
                  John Schulman},
  title        = {Training Verifiers to Solve Math Word Problems},
  journal      = {CoRR},
  volume       = {abs/2110.14168},
  year         = {2021},
  url          = {https://arxiv.org/abs/2110.14168},
  eprinttype    = {arXiv},
  eprint       = {2110.14168},
  timestamp    = {Mon, 12 Jun 2023 08:23:44 +0200},
  biburl       = {https://dblp.org/rec/journals/corr/abs-2110-14168.bib},
  bibsource    = {dblp computer science bibliography, https://dblp.org}
}
@misc{liu,
      title={TinyGSM: achieving >80% on GSM8k with small language models}, 
      author={Bingbin Liu and Sebastien Bubeck and Ronen Eldan and Janardhan Kulkarni and Yuanzhi Li and Anh Nguyen and Rachel Ward and Yi Zhang},
      year={2023},
      eprint={2312.09241},
      archivePrefix={arXiv},
      primaryClass={cs.LG},
      url={https://arxiv.org/abs/2312.09241}, 
}
@misc{shao,
      title={DeepSeekMath: Pushing the Limits of Mathematical Reasoning in Open Language Models}, 
      author={Zhihong Shao and Peiyi Wang and Qihao Zhu and Runxin Xu and Junxiao Song and Xiao Bi and Haowei Zhang and Mingchuan Zhang and Y. K. Li and Y. Wu and Daya Guo},
      year={2024},
      eprint={2402.03300},
      archivePrefix={arXiv},
      primaryClass={cs.CL},
      url={https://arxiv.org/abs/2402.03300}, 
}
@article{wei,
  author       = {Jason Wei and
                  Xuezhi Wang and
                  Dale Schuurmans and
                  Maarten Bosma and
                  Ed H. Chi and
                  Quoc Le and
                  Denny Zhou},
  title        = {Chain of Thought Prompting Elicits Reasoning in Large Language Models},
  journal      = {CoRR},
  volume       = {abs/2201.11903},
  year         = {2022},
  url          = {https://arxiv.org/abs/2201.11903},
  eprinttype    = {arXiv},
  eprint       = {2201.11903},
  timestamp    = {Fri, 22 Apr 2022 16:06:31 +0200},
  biburl       = {https://dblp.org/rec/journals/corr/abs-2201-11903.bib},
  bibsource    = {dblp computer science bibliography, https://dblp.org}
}
@article{hendrycks,
  author       = {Dan Hendrycks and
                  Collin Burns and
                  Saurav Kadavath and
                  Akul Arora and
                  Steven Basart and
                  Eric Tang and
                  Dawn Song and
                  Jacob Steinhardt},
  title        = {Measuring Mathematical Problem Solving With the {MATH} Dataset},
  journal      = {CoRR},
  volume       = {abs/2103.03874},
  year         = {2021},
  url          = {https://arxiv.org/abs/2103.03874},
  eprinttype    = {arXiv},
  eprint       = {2103.03874},
  timestamp    = {Mon, 15 Mar 2021 17:30:55 +0100},
  biburl       = {https://dblp.org/rec/journals/corr/abs-2103-03874.bib},
  bibsource    = {dblp computer science bibliography, https://dblp.org}
}